@article{chen2018convergence,
  title={On the convergence of a class of adam-type algorithms for non-convex optimization},
  author={Chen, Xiangyi and Liu, Sijia and Sun, Ruoyu and Hong, Mingyi},
  journal={arXiv preprint arXiv:1808.02941},
  year={2018}
}

@inproceedings{darken1992learning,
  title={Learning rate schedules for faster stochastic gradient search},
  author={Darken, Christian and Chang, Joseph and Moody, John and others},
  booktitle={Neural networks for signal processing},
  volume={2},
  year={1992},
  organization={Citeseer}
}

@article{dauphin2014identifying,
  title={Identifying and attacking the saddle point problem in high-dimensional non-convex optimization},
  author={Dauphin, Yann and Pascanu, Razvan and Gulcehre, Caglar and Cho, Kyunghyun and Ganguli, Surya and Bengio, Yoshua},
  journal={arXiv preprint arXiv:1406.2572},
  year={2014}
}
@article{reddi2019convergence,
  title={On the convergence of adam and beyond},
  author={Reddi, Sashank J and Kale, Satyen and Kumar, Sanjiv},
  journal={arXiv preprint arXiv:1904.09237},
  year={2019}
}

@article{vaswani2019painless,
  title={Painless stochastic gradient: Interpolation, line-search, and convergence rates},
  author={Vaswani, Sharan and Mishkin, Aaron and Laradji, Issam and Schmidt, Mark and Gidel, Gauthier and Lacoste-Julien, Simon},
  journal={Advances in neural information processing systems},
  volume={32},
  pages={3732--3745},
  year={2019}
}
@article{li2017visualizing,
  title={Visualizing the loss landscape of neural nets},
  author={Li, Hao and Xu, Zheng and Taylor, Gavin and Studer, Christoph and Goldstein, Tom},
  journal={arXiv preprint arXiv:1712.09913},
  year={2017}
}